@Article {CAP_theorem,
  author= "Seth Gilbert and Nancy Lynch",
  title = "Perspectives on the CAP Theorem",
  journal = "ACM SIGACT News",
  volume = "33 Issue 2",
  pages =  "51–-59",
  year = "2002",
  DOI = "https://groups.csail.mit.edu/tds/papers/Gilbert/Brewer2.pdf"
}

@Article { Dynamo,
author= "Giuseppe DeCandia, Deniz Hastorun, Madan Jampani, et al",
title = "Dynamo: Amazon’s Highly Available Key-value Store",
journal = "SOSP’07 Proceedings",
DOI="http://www.scs.stanford.edu/17au-cs244b/sched/readings/dynamo.pdf",
 year ="2007"
}

@Article {
    RAFT,
    author="Diego Ongaro and John Ousterhout",
    title="https://www.usenix.org/system/files/conference/atc14/atc14-paper-ongaro.pdf",
    DOI="http://www.scs.stanford.edu/17au-cs244b/sched/readings/raft.pdf",
    journal="2014 USENIX Annual Technical Conference Proceedings",
    year ="2014"
}

@misc{PingLatencies,
  title = {{Ping Latencies across the globe}},
  howpublished = {\url{https://wondernetwork.com/pings}},
  note = {Accessed: 2017-11-26},
  key = {Ping Latencies across the globe}
}


@misc{MYSQL_replication,
  title = {{MySQL manual: Replication Solutions}},
  howpublished = {\url{https://dev.mysql.com/doc/refman/5.7/en/replication-solutions.html}},
  note = {Accessed: 2017-11-26},
  key = {MySQL manual: Replication Solutions}
}

@Article{Practical_BFT,
    title="Practical Byzantine Fault Tolerance",
    author="Miguel Castro and Barbara Liskov",
    DOI="http://pmg.csail.mit.edu/papers/osdi99.pdf",
    journal="Proceedings of the Third Symposium on Operating Systems Design and Implementation",
    year ="1999"
}

@Article {HQ_replication,
    title="HQ Replication: A Hybrid Quorum Protocol for Byzantine Fault Tolerance",
    author="James Cowling, Daniel Myers, Barbara Liskov, et al",
    DOI="http://people.csail.mit.edu/cowling/hq/hq-osdi06.pdf",
    journal="USENIX Symposium on Operating System Design and Implementation",
    year ="2006"
}

@misc{Repository,
    title = {{Repository}},
    author="Tigran Tsaturyan and Saravanan Dhakshinamurthy",
    howpublished = {\url{https://github.com/saravan2/mochi-db/}}
}

@misc{DockerHub,
    title = {{DockerHub}},
    author="Tigran Tsaturyan and Saravanan Dhakshinamurthy",
    howpublished = {\url{https://hub.docker.com/r/mochidb/mochi-db/}}
}
